@misc{microship,
  author = {Microship},
  title = {{PIC16F87XA Data Sheet}},
  howpublished = "\url{http://ww1.microchip.com/downloads/en/DeviceDoc/39582b.pdf}",
  year = {2003},
  note = "[Online; Pdf]"
}

@misc{motorola,
  author = {Motorola},
  title = {{PIC16F87XA Data Sheet}},
  howpublished = "\url{https://pdf1.alldatasheet.com/datasheet-pdf/view/3084/MOTOROLA/68HC11.html}",
  year = {2002},
  note = "[Online; Pdf]"
}

@misc{intel,
  author = {Intel},
  title = {{PIC16F87XA Data Sheet}},
  howpublished = "\url{https://www.intel.la/content/www/xl/es/embedded/products/quark/mcu/se-soc/overview.html}",
  year = {2017},
  note = "[Online; Web]"
}