@misc{ieee,
  author = {IEEE},
  title = {{COMPSACW '13: Proceedings of the 2013 IEEE 37th Annual Computer Software and Applications Conference Workshops}},
  howpublished = "\url{https://dl.acm.org/doi/proceedings/10.5555/2546568}",
  year = {2013},
  note = "[Online; Web]"
}